<?xml version="1.0" encoding="UTF-8"?><collection xmlns="http://www.loc.gov/MARC21/slim"><record><leader>00330nam--2200133-i-4500</leader><controlfield tag="001">000018127</controlfield><controlfield tag="002">20161230</controlfield><controlfield tag="005">20161230201032</controlfield><controlfield tag="008">060222s1000------------r-----000-0-eng-d</controlfield><datafield ind1=" " ind2=" " tag="080"><subfield code="a">621.7:669.2/8</subfield></datafield><datafield ind1=" " ind2=" " tag="100"><subfield code="a">Drimus, I</subfield></datafield><datafield ind1=" " ind2=" " tag="245"><subfield code="a">Tehnologia metalelor neferoase</subfield></datafield><datafield ind1=" " ind2=" " tag="260"><subfield code="a">Bucuresti, Editura Tehnica, 1951. 303 P</subfield></datafield><datafield ind1=" " ind2=" " tag="852"><subfield code="a">25886</subfield></datafield></record></collection>